@InBook{GuruswamiWang_2011,
  author    = {Guruswami, Venkatesan and Wang, Carol},
  pages     = {593--604},
  publisher = {Springer Berlin Heidelberg},
  title     = {{O}ptimal {R}ate {L}ist {D}ecoding via {D}erivative {C}odes},
  year      = {2011},
  isbn      = {9783642229350},
  booktitle = {Approximation, Randomization, and Combinatorial Optimization. Algorithms and Techniques},
  doi       = {10.1007/978-3-642-22935-0_50},
  issn      = {1611-3349},
}

@Article{Kopparty_2015_,
  author    = {Kopparty, Swastik},
  journal   = {Theory of Computing},
  title     = {{L}ist-{D}ecoding {M}ultiplicity {C}odes},
  year      = {2015},
  issn      = {1557-2862},
  number    = {1},
  pages     = {149--182},
  volume    = {11},
  doi       = {10.4086/toc.2015.v011a005},
  publisher = {Theory of Computing Exchange},
}

@InProceedings{KoppartyRonZewiSarafWootters_2018_IDo_CONF,
  author    = {Kopparty, Swastik and Ron-Zewi, Noga and Saraf, Shubhangi and Wootters, Mary},
  booktitle = {2018 IEEE 59th Annual Symposium on Foundations of Computer Science (FOCS)},
  title     = {Improved {D}ecoding of {F}olded {R}eed-{S}olomon and {M}ultiplicity {C}odes},
  year      = {2018},
  month     = oct,
  pages     = {212--223},
  publisher = {IEEE},
  doi       = {10.1109/focs.2018.00029},
}

@Article{KoppartySarafYekhanin_2014_Hrc,
  author    = {Kopparty, Swastik and Saraf, Shubhangi and Yekhanin, Sergey},
  journal   = {Journal of the ACM},
  title     = {High-rate codes with sublinear-time decoding},
  year      = {2014},
  issn      = {1557-735X},
  month     = sep,
  number    = {5},
  pages     = {1--20},
  volume    = {61},
  doi       = {10.1145/2629416},
  publisher = {Association for Computing Machinery (ACM)},
}

@InProceedings{ChorGoldreichKushilevitzSudan__Pir_CONF,
  author     = {Chor, B. and Goldreich, O. and Kushilevitz, E. and Sudan, M.},
  booktitle  = {Proceedings of IEEE 36th Annual Foundations of Computer Science},
  title      = {Private information retrieval},
  year       = {1955},
  pages      = {41},
  publisher  = {IEEE Comput. Soc. Press},
  series     = {SFCS-95},
  collection = {SFCS-95},
  doi        = {10.1109/sfcs.1995.492461},
}

@Comment{jabref-meta: databaseType:bibtex;}
